<collection xmlns="http://www.loc.gov/MARC21/slim">
   <record>
      <leader>04353cam a2200493 i 4500</leader>
      <controlfield tag="001">6808170</controlfield>
      <controlfield tag="003">OCoLC</controlfield>
      <controlfield tag="005">20150204165530.0</controlfield>
      <controlfield tag="008">141009s2015    nyu      b    001 0 eng  </controlfield>
      <datafield ind1=" " ind2=" " tag="010">
         <subfield code="a">  2014024574</subfield>
      </datafield>
      <datafield ind1=" " ind2=" " tag="020">
         <subfield code="a">9781479855346</subfield>
         <subfield code="q">hardback</subfield>
      </datafield>
      <datafield ind1=" " ind2=" " tag="020">
         <subfield code="a">1479855340</subfield>
         <subfield code="q">hardback</subfield>
      </datafield>
      <datafield ind1=" " ind2=" " tag="020">
         <subfield code="a">9781479844807</subfield>
         <subfield code="q">paperback</subfield>
      </datafield>
      <datafield ind1=" " ind2=" " tag="020">
         <subfield code="a">1479844802</subfield>
         <subfield code="q">paperback</subfield>
      </datafield>
      <datafield ind1=" " ind2=" " tag="035">
         <subfield code="a">ocn876883392</subfield>
      </datafield>
      <datafield ind1=" " ind2=" " tag="040">
         <subfield code="a">DLC</subfield>
         <subfield code="e">rda</subfield>
         <subfield code="b">eng</subfield>
         <subfield code="c">DLC</subfield>
         <subfield code="d">YDX</subfield>
         <subfield code="d">YDXCP</subfield>
         <subfield code="d">BTCTA</subfield>
         <subfield code="d">BDX</subfield>
         <subfield code="d">OCLCO</subfield>
         <subfield code="d">SZR</subfield>
         <subfield code="d">CDX</subfield>
         <subfield code="d">UAB</subfield>
         <subfield code="d">AEU</subfield>
      </datafield>
      <datafield ind1=" " ind2=" " tag="042">
         <subfield code="a">pcc</subfield>
      </datafield>
      <datafield ind1=" " ind2=" " tag="043">
         <subfield code="a">n-us---</subfield>
         <subfield code="a">n-us-tx</subfield>
      </datafield>
      <datafield ind1="0" ind2="0" tag="050">
         <subfield code="a">E184.M88</subfield>
         <subfield code="b">A36 2015</subfield>
      </datafield>
      <datafield ind1="0" ind2="0" tag="082">
         <subfield code="a">305.6/97077641411</subfield>
         <subfield code="2">23</subfield>
      </datafield>
      <datafield ind1=" " ind2=" " tag="084">
         <subfield code="a">REL024000</subfield>
         <subfield code="a">SOC002010</subfield>
         <subfield code="2">bisacsh</subfield>
      </datafield>
      <datafield ind1=" " ind2=" " tag="090">
         <subfield code="a">E 184 M88 A36 2015</subfield>
         <subfield code="b">AEU</subfield>
      </datafield>
      <datafield ind1="1" ind2=" " tag="100">
         <subfield code="a">Afzal, Ahmed,</subfield>
         <subfield code="d">1969-</subfield>
         <subfield code="e">author.</subfield>
         <subfield code="0">http://id.loc.gov/authorities/names/n2014063549</subfield>
         <subfield code="0">http://viaf.org/viaf/311457949</subfield>
      </datafield>
      <datafield ind1="1" ind2="0" tag="245">
         <subfield code="a">Lone star Muslims :</subfield>
         <subfield code="b">transnational lives and the South Asian experience in Texas /</subfield>
         <subfield code="c">Ahmed Afzal.</subfield>
      </datafield>
      <datafield ind1=" " ind2="1" tag="264">
         <subfield code="a">New York :</subfield>
         <subfield code="b">New York University Press,</subfield>
         <subfield code="c">[2015]</subfield>
      </datafield>
      <datafield ind1=" " ind2=" " tag="300">
         <subfield code="a">xi, 263 pages ;</subfield>
         <subfield code="c">24 cm</subfield>
      </datafield>
      <datafield ind1=" " ind2=" " tag="336">
         <subfield code="a">text</subfield>
         <subfield code="b">txt</subfield>
         <subfield code="2">rdacontent</subfield>
         <subfield code="0">http://id.loc.gov/vocabulary/contentTypes/txt</subfield>
      </datafield>
      <datafield ind1=" " ind2=" " tag="337">
         <subfield code="a">unmediated</subfield>
         <subfield code="b">n</subfield>
         <subfield code="2">rdamedia</subfield>
         <subfield code="0">http://id.loc.gov/vocabulary/mediaTypes/n</subfield>
      </datafield>
      <datafield ind1=" " ind2=" " tag="338">
         <subfield code="a">volume</subfield>
         <subfield code="b">nc</subfield>
         <subfield code="2">rdacarrier</subfield>
         <subfield code="0">http://id.loc.gov/vocabulary/carriers/nc</subfield>
      </datafield>
      <datafield ind1=" " ind2=" " tag="504">
         <subfield code="a">Includes bibliographical references and index.</subfield>
      </datafield>
      <datafield ind1="0" ind2=" " tag="505">
         <subfield code="a">Houston: Race, Class, Oil, and the Making of "America's Most Diverse City" -- "A Dream Come True": Shia Ismaili Experiences in Corporate America -- "It's Allah's Will": The Transnational Muslim Heritage Economy -- "I Have a Very Good Relationship with Allah": Pakistani Gay Men and Transnational Belonging -- The Pakistan Independence Day Festival: The Making of a "Houston Tradition" -- "Pakistanis Have Always Been Radio People": Transnational Media, Business Imperatives, and Homeland Politics.</subfield>
      </datafield>
      <datafield ind1=" " ind2=" " tag="520">
         <subfield code="a">"Lone Star Muslims offers an engaging and insightful look at contemporary Muslim American life in Texas. It illuminates the dynamics of the Pakistani Muslim community in Houston, a city with one of the largest Muslim populations in the south and southwestern United States. Drawing on interviews and participant observation at radio stations, festivals, and ethnic businesses, the volume explores everyday Muslim lives at the intersection of race, class, profession, gender, sexuality, and religious sectarian affiliation to demonstrate the complexity of the South Asian experience. Importantly, the volume incorporates narratives of gay Muslim American men of Pakistani descent, countering the presumed heteronormativity evident in most of the social science scholarship on Muslim Americans and revealing deeply felt affiliations to Islam through ritual and practice. It also includes narratives of members of the highly skilled Shia Ismaili Muslim labor force employed in corporate America, of Pakistani ethnic entrepreneurs, the working class and the working poor employed in Pakistani ethnic businesses, of community activists, and of radio program hosts. Decentering dominant framings that flatten understandings of transnational Islam and Muslim Americans, such as 'terrorist' on the one hand, and 'model minority' on the other, Lone Star Muslims offers a glimpse into a variety of lived experiences. It shows how specificities of class, Islamic sectarian affiliation, citizenship status, gender, and sexuality shape transnational identities and mediate racism, marginalities, and abjection"--</subfield>
         <subfield code="c">Provided by publisher.</subfield>
      </datafield>
      <datafield ind1=" " ind2=" " tag="596">
         <subfield code="a">16</subfield>
      </datafield>
      <datafield ind1=" " ind2="0" tag="650">
         <subfield code="a">Muslims</subfield>
         <subfield code="z">United States</subfield>
         <subfield code="x">Social conditions</subfield>
         <subfield code="y">21st century</subfield>
         <subfield code="v">Case studies.</subfield>
      </datafield>
      <datafield ind1=" " ind2="0" tag="650">
         <subfield code="a">Muslims in popular culture</subfield>
         <subfield code="z">United States</subfield>
         <subfield code="v">Case studies.</subfield>
      </datafield>
      <datafield ind1=" " ind2="0" tag="650">
         <subfield code="a">Pakistani Americans</subfield>
         <subfield code="z">Texas</subfield>
         <subfield code="z">Houston</subfield>
         <subfield code="x">Social conditions</subfield>
         <subfield code="y">21st century.</subfield>
      </datafield>
      <datafield ind1=" " ind2="0" tag="650">
         <subfield code="a">Pakistani Americans</subfield>
         <subfield code="z">Texas</subfield>
         <subfield code="z">Houston</subfield>
         <subfield code="x">Ethnic identity</subfield>
         <subfield code="v">Case studies.</subfield>
      </datafield>
      <datafield ind1=" " ind2="0" tag="650">
         <subfield code="a">Homosexuality</subfield>
         <subfield code="x">Religious aspects</subfield>
         <subfield code="x">Islam</subfield>
         <subfield code="v">Case studies.</subfield>
      </datafield>
      <datafield ind1=" " ind2="0" tag="651">
         <subfield code="a">Houston (Tex.)</subfield>
         <subfield code="x">Ethnic relations</subfield>
         <subfield code="v">Case studies.</subfield>
      </datafield>
      <datafield ind1=" " ind2=" " tag="758">
         <subfield code="0">http://worldcat.org/entity/work/id/23783102</subfield>
      </datafield>
      <datafield ind1="0" ind2=" " tag="787">
         <subfield code="n">OCLC Work Id</subfield>
         <subfield code="o">http://worldcat.org/entity/work/id/23783102</subfield>
      </datafield>
      <datafield ind1="4" ind2="2" tag="856">
         <subfield code="3">Cover image</subfield>
         <subfield code="u">http://www.netread.com/jcusers/1313/2883747/image/lgcover.9781479855346.jpg</subfield>
      </datafield>
      <datafield ind1=" " ind2=" " tag="949">
         <subfield code="a">E 184 M88 A36 2015</subfield>
         <subfield code="h">UAAU-B</subfield>
         <subfield code="i">0162035241577</subfield>
      </datafield>
      <datafield ind1=" " ind2=" " tag="926">
         <subfield code="a">E 184 M88 A36 2015</subfield>
         <subfield code="w">LC</subfield>
         <subfield code="c">1</subfield>
         <subfield code="i">0162035241577</subfield>
         <subfield code="l">ON_SHELF</subfield>
         <subfield code="m">UAAUG</subfield>
         <subfield code="p">$150.00</subfield>
         <subfield code="r">Y</subfield>
         <subfield code="s">Y</subfield>
         <subfield code="t">BOOK</subfield>
         <subfield code="u">2/19/2015</subfield>
      </datafield>
   </record>
</collection>
